<record><leader>00000cas a22000007a 4500</leader><controlfield tag="001">11696388</controlfield><controlfield tag="008">850214d19uu1927ohudn ne      0    0eng d</controlfield><datafield ind1=" " ind2=" " tag="010"><subfield code="a">sn 85038073 </subfield></datafield><datafield ind1=" " ind2=" " tag="040"><subfield code="a">NPY</subfield><subfield code="b">eng</subfield><subfield code="c">NPY</subfield><subfield code="d">ONP</subfield><subfield code="d">OCLCQ</subfield><subfield code="d">DLC</subfield></datafield><datafield ind1=" " ind2=" " tag="042"><subfield code="a">msc</subfield></datafield><datafield ind1="0" ind2=" " tag="130"><subfield code="a">Daily union-herald (Circleville, Ohio : 1919)</subfield></datafield><datafield ind1="1" ind2="4" tag="245"><subfield code="a">The Daily union-herald.</subfield></datafield><datafield ind1="1" ind2="7" tag="246"><subfield code="a">Circleville daily union herald</subfield></datafield><datafield ind1=" " ind2=" " tag="260"><subfield code="a">Circleville, Ohio :</subfield><subfield code="b">C.C. Chappelear,</subfield><subfield code="c">-1927.</subfield></datafield><datafield ind1=" " ind2=" " tag="300"><subfield code="a">v. :</subfield><subfield code="b">ill. ;</subfield><subfield code="c">55 cm.</subfield></datafield><datafield ind1=" " ind2=" " tag="310"><subfield code="a">Daily (except Sun.)</subfield></datafield><datafield ind1="0" ind2=" " tag="362"><subfield code="a">-Nov. 18, 1927.</subfield></datafield><datafield ind1=" " ind2=" " tag="500"><subfield code="a">"Republican newspaper."</subfield></datafield><datafield ind1=" " ind2=" " tag="580"><subfield code="a">Weekly edition: Circleville union-herald (Circleville, Ohio : 1888).</subfield></datafield><datafield ind1=" " ind2=" " tag="588"><subfield code="a">Description based on: Jan. 1, 1919.</subfield></datafield><datafield ind1=" " ind2=" " tag="752"><subfield code="a">United States</subfield><subfield code="b">Ohio</subfield><subfield code="c">Pickaway</subfield><subfield code="d">Circleville.</subfield></datafield><datafield ind1="1" ind2=" " tag="775"><subfield code="t">Circleville union-herald (Circleville, Ohio : 1888)</subfield><subfield code="w">(DLC)sn 88077619</subfield></datafield><datafield ind1="0" ind2="0" tag="780"><subfield code="t">Circleville herald (Circleville, Ohio : 1883)</subfield><subfield code="w">(DLC)sn 91075646</subfield></datafield><datafield ind1="0" ind2="4" tag="785"><subfield code="t">Circleville herald (Circleville, Ohio : 1927)</subfield><subfield code="x">2332-4848</subfield><subfield code="w">(DLC)sn 85038072</subfield><subfield code="w">(OCoLC)11696360</subfield></datafield></record>